@online{ex1,
  author = {ONiel},
  title = {Data constructor not in scope},
  year = 2015,
  url = {https://www.dreamincode.net/forums/topic/396776-data-constructor-not-in-scope/},
  urldate = {2018-07-06},
  note = {\url{https://www.dreamincode.net/forums/topic/396776-data-constructor-not-in-scope/} Accessed July 2018},
}

@online{ex2,
  author = {Zubin Kadva},
  title = {Haskell: Variable not in scope},
  year = 2016,
  url = {https://stackoverflow.com/questions/39403798/haskell-variable-not-in-scope},
  urldate = {2018-07-06},
  note = {\url{https://stackoverflow.com/questions/39403798/haskell-variable-not-in-scope} Accessed July 2018},
}

@online{ex3,
  author = {Jason Eisenberg},
  title = {TestSuite Test T11680.hs},
  year = 2016,
  url = {https://github.com/ghc/ghc/blob/master/testsuite/tests/th/T11680.hs},
  urldate = {2018-07-06},
  note = {\url{https://github.com/ghc/ghc/blob/master/testsuite/tests/th/T11680.hs} Accessed July 2018},
}

@online{ex5,
  author = {leftaroundabout},
  title = {Passing any type in function signature in Haskell},
  year = 2017,
  url = {https://stackoverflow.com/questions/45983399/passing-any-type-in-function-signature-in-haskell},
  urldate = {2018-07-09},
  note = {\url{https://stackoverflow.com/questions/45983399/passing-any-type-in-function-signature-in-haskell} Accessed July 2018},
}

@online{ex6,
  author = {Clinton},
  title = {A Function That Sets An Implicit Parameter Context},
  year = 2017,
  url = {https://stackoverflow.com/questions/41661714/a-function-that-sets-an-implicit-parameter-context},
  urldate = {2018-07-09},
  note = {\url{https://stackoverflow.com/questions/41661714/a-function-that-sets-an-implicit-parameter-context} Accessed July 2018},
}

@online{ex7,
  author = {Sean Clark Hess},
  title = {Couldn't match kind '*' with 'Nat'},
  year = 2016,
  url = {https://stackoverflow.com/questions/40731220/couldnt-match-kind-with-nat},
  urldate = {2018-07-09},
  note = {\url{https://stackoverflow.com/questions/40731220/couldnt-match-kind-with-nat} Accessed July 2018},
}

@online{ex8,
  author = {ivanm},
  title = {GeneralizedNewtypeDeriving and polymorphic arguments don't play nicely together},
  year = 2017,
  url = {http://haskell.1045720.n5.nabble.com/GHC-14220-GeneralizedNewtypeDeriving-and-polymorphic-arguments-don-t-play-nicely-together-td5863971.html},
  urldate = {2018-07-09},
  note = {\url{http://haskell.1045720.n5.nabble.com/GHC-14220-GeneralizedNewtypeDeriving-and-polymorphic-arguments-don-t-play-nicely-together-td5863971.html} Accessed July 2018},
}

@online{ex9,
  author = {Charlie Flowers},
  title = {Why does this Haskell code produce the “infinite type” error?},
  year = 2009,
  url = {https://stackoverflow.com/questions/795317/why-does-this-haskell-code-produce-the-infinite-type-error},
  urldate = {2018-07-09},
  note = {\url{https://stackoverflow.com/questions/795317/why-does-this-haskell-code-produce-the-infinite-type-error} Accessed July 2018},
}

@online{ex10,
  author = {0xd34df00d},
  title = {Function composition and forall'ed types},
  year = 2017,
  url = {https://stackoverflow.com/questions/43943793/function-composition-and-foralled-types},
  urldate = {2018-07-09},
  note = {\url{https://stackoverflow.com/questions/43943793/function-composition-and-foralled-types} Accessed July 2018},
}

@online{ex12,
  author = {nh2},
  title = {Type inference with GADTs - a0 is untouchable},
  year = 2015,
  url = {https://stackoverflow.com/questions/28582210/type-inference-with-gadts-a0-is-untouchable},
  urldate = {2018-07-09},
  note = {\url{https://stackoverflow.com/questions/28582210/type-inference-with-gadts-a0-is-untouchable} Accessed July 2018},
}

@online{ex13,
  author = {RyanGlScott},
  title = {GHC 8.4.1-alpha regression with TypeInType},
  year = 2018,
  url = {https://ghc.haskell.org/trac/ghc/ticket/14720},
  urldate = {2018-07-10},
  note = {\url{https://ghc.haskell.org/trac/ghc/ticket/14720} Accessed July 2018},
}

@online{twitter1,
  author = {Lindsey Kuper},
  title = {Reply to : Help with finding the term Lambda Abstraction in GHC},
  year = 2018,
  url = {https://twitter.com/JoannaSharrad/status/1016662521757958145},
  urldate = {2018-07-10},
  note = {\url{https://twitter.com/JoannaSharrad/status/1016662521757958145} Accessed July 2018},
}

@online{ex14,
  author = {nomeata},
  title = {Unhelpful error messages about lifted and unlifted types},
  year = 2017,
  url = {https://ghc.haskell.org/trac/ghc/ticket/13610},
  urldate = {2018-07-12},
  note = {\url{https://ghc.haskell.org/trac/ghc/ticket/13610} Accessed July 2018},
}

@online{ex15,
  author = {Bercovici Adrian},
  title = {Ambigous type variable that prevents the constraint},
  year = 2018,
  url = {https://stackoverflow.com/questions/51042183/ambigous-type-variable-that-prevents-the-constraint},
  urldate = {2018-07-12},
  note = {\url{https://stackoverflow.com/questions/51042183/ambigous-type-variable-that-prevents-the-constraint} Accessed July 2018},
}

@online{ex100,
  author = {luqui},
  title = {How can undecidable instances actually hang the compiler?},
  year = 2017,
  url = {https://stackoverflow.com/questions/42356242/how-can-undecidable-instances-actually-hang-the-compiler},
  urldate = {2018-07-12},
  note = {\url{https://stackoverflow.com/questions/42356242/how-can-undecidable-instances-actually-hang-the-compiler} Accessed July 2018},
}

@online{ex16,
  author = {mpickering},
  title = {Bad error message for incorrect pattern synonym signature},
  year = 2015,
  url = {https://ghc.haskell.org/trac/ghc/ticket/10873},
  urldate = {2018-07-12},
  note = {\url{https://ghc.haskell.org/trac/ghc/ticket/10873} Accessed July 2018},
}

@online{ex17,
  author = {Daniel Causebrook},
  title = {Function composition errors},
  year = 2017,
  url = {https://stackoverflow.com/questions/47298872/function-composition-errors},
  urldate = {2018-07-12},
  note = {\url{https://stackoverflow.com/questions/47298872/function-composition-errors} Accessed July 2018},
}

@online{ex18,
  author = {RyanGlScott},
  title = {Allow PartialTypeSignatures in the instance context of a standalone deriving declaration},
  year = 2017,
  url = {https://ghc.haskell.org/trac/ghc/ticket/13324},
  urldate = {2018-07-12},
  note = {\url{https://ghc.haskell.org/trac/ghc/ticket/13324} Accessed July 2018},
}

@online{ex19,
  author = {Sjoerd Visscher},
  title = {Unexpected Overlapping instances error},
  year = 2017,
  url = {https://stackoverflow.com/questions/42053915/unexpected-overlapping-instances-error},
  urldate = {2018-07-12},
  note = {\url{https://stackoverflow.com/questions/42053915/unexpected-overlapping-instances-error} Accessed July 2018},
}

@online{ex20,
  author = {Simon Peyton Jones},
  title = {SafeLang10},
  year = 2011,
  url = {https://git.science.uu.nl/f100183/ghc-invariant/blob/1ae5fa451f4f554e0d652d55f9312a585188ce13/testsuite/tests/safeHaskell/safeLanguage/SafeLang10.hs},
  urldate = {2018-07-12},
  note = {\url{https://git.science.uu.nl/f100183/ghc-invariant/blob/1ae5fa451f4f554e0d652d55f9312a585188ce13/testsuite/tests/safeHaskell/safeLanguage/SafeLang10.hs} Accessed July 2018},
}

@online{ex21,
  author = {wereHamster},
  title = {GHC doesn't pick the only available instance},
  year = 2016,
  url = {https://stackoverflow.com/questions/41086039/ghc-doesnt-pick-the-only-available-instance},
  urldate = {2018-07-12},
  note = {\url{https://stackoverflow.com/questions/41086039/ghc-doesnt-pick-the-only-available-instance} Accessed July 2018},
}